% Encoding: UTF-8

@Article{Motrenko_2018,
  author    = {Anastasia Motrenko and Vadim Strijov},
  title     = {Multi-way feature selection for {ECoG}-based Brain-Computer Interface},
  journal   = {Expert Systems with Applications},
  year      = {2018},
  volume    = {114},
  pages     = {402--413},
  month     = {dec},
  doi       = {10.1016/j.eswa.2018.06.054},
  publisher = {Elsevier {BV}},
}

@InCollection{Rosipal_2006,
  author    = {Roman Rosipal and Nicole Kr√§mer},
  title     = {Overview and Recent Advances in Partial Least Squares},
  booktitle = {Subspace, Latent Structure and Feature Selection},
  publisher = {Springer Berlin Heidelberg},
  year      = {2006},
  pages     = {34--51},
  doi       = {10.1007/11752790_2},
}

@Article{Haenlein2004,
  author    = {Michael Haenlein and Andreas M. Kaplan},
  title     = {A Beginner{\textquotesingle}s Guide to Partial Least Squares Analysis},
  journal   = {Understanding Statistics},
  year      = {2004},
  volume    = {3},
  number    = {4},
  pages     = {283--297},
  month     = {nov},
  doi       = {10.1207/s15328031us0304_4},
  publisher = {Informa {UK} Limited},
}

@InProceedings{Loza2017,
  author    = {Carlos A. Loza and Jose C. Principe},
  title     = {Unsupervised robust detection of behavioral correlates in {ECoG}},
  booktitle = {2017 8th International {IEEE}/{EMBS} Conference on Neural Engineering ({NER})},
  year      = {2017},
  month     = {may},
  publisher = {{IEEE}},
  doi       = {10.1109/ner.2017.8008401},
}

@Article{Song2017,
  author    = {Yilin Song and Yao Wang and Jonathan Viventi},
  title     = {Unsupervised Learning of Spike Patterns for Seizure Detection and Wavefront Estimation of High Resolution Micro Electrocorticographic ( {\textdollar}{\textbackslash}mu {\textdollar} {ECoG}) Data},
  journal   = {{IEEE} Transactions on {NanoBioscience}},
  year      = {2017},
  volume    = {16},
  number    = {6},
  pages     = {418--427},
  month     = {sep},
  doi       = {10.1109/tnb.2017.2714460},
  publisher = {Institute of Electrical and Electronics Engineers ({IEEE})},
}

@Article{Morishita2014,
  author    = {Soichiro Morishita and Keita Sato and Hidenori Watanabe and Yukio Nishimura and Tadashi Isa and Ryu Kato and Tatsuhiro Nakamura and Hiroshi Yokoi},
  title     = {Brain-machine interface to control a prosthetic arm with monkey {ECoGs} during periodic movements},
  journal   = {Frontiers in Neuroscience},
  year      = {2014},
  volume    = {8},
  month     = {dec},
  doi       = {10.3389/fnins.2014.00417},
  publisher = {Frontiers Media {SA}},
}

@Article{Alexander2013,
  author    = {David M. Alexander and Peter Jurica and Chris Trengove and Andrey R. Nikolaev and Sergei Gepshtein and Mikhail Zvyagintsev and Klaus Mathiak and Andreas Schulze-Bonhage and Johanna Ruescher and Tonio Ball and Cees van Leeuwen},
  title     = {Traveling waves and trial averaging: The nature of single-trial and averaged brain responses in large-scale cortical signals},
  journal   = {{NeuroImage}},
  year      = {2013},
  volume    = {73},
  pages     = {95--112},
  month     = {jun},
  doi       = {10.1016/j.neuroimage.2013.01.016},
  publisher = {Elsevier {BV}},
}

@Comment{jabref-meta: databaseType:bibtex;}
